[gd_scene load_steps=10 format=2]

[ext_resource path="res://food.gd" type="Script" id=1]
[ext_resource path="res://assets/food/foodfromcts1a.png" type="Texture" id=2]
[ext_resource path="res://assets/food/sausage_food.png" type="Texture" id=3]
[ext_resource path="res://assets/food/bone_food.png" type="Texture" id=4]
[ext_resource path="res://assets/food/drumstick_food.png" type="Texture" id=5]
[ext_resource path="res://assets/food/meat_food.png" type="Texture" id=6]
[ext_resource path="res://assets/food/grapes.png" type="Texture" id=7]
[ext_resource path="res://assets/food/chocolate.png" type="Texture" id=8]

[sub_resource type="RectangleShape2D" id=1]
extents = Vector2( 24.1019, 24.2112 )

[node name="Food" type="Area2D"]
script = ExtResource( 1 )

[node name="CollisionShape2D" type="CollisionShape2D" parent="."]
shape = SubResource( 1 )

[node name="Sprite" type="Sprite" parent="."]
visible = false
position = Vector2( 1.87756, -1.97934 )
scale = Vector2( 1.96, 1.96 )
texture = ExtResource( 2 )

[node name="MouseInteract" type="TextureButton" parent="."]
margin_left = -20.2518
margin_top = -18.8551
margin_right = 19.7482
margin_bottom = 21.1449
__meta__ = {
"_edit_use_anchors_": false
}

[node name="food1" type="Sprite" parent="."]
visible = false
scale = Vector2( 0.1, 0.1 )
texture = ExtResource( 4 )

[node name="food2" type="Sprite" parent="."]
visible = false
scale = Vector2( 0.01, 0.01 )
texture = ExtResource( 5 )

[node name="food3" type="Sprite" parent="."]
visible = false
scale = Vector2( 0.015, 0.015 )
texture = ExtResource( 6 )

[node name="food4" type="Sprite" parent="."]
visible = false
scale = Vector2( 0.04, 0.04 )
texture = ExtResource( 3 )

[node name="grapes" type="Sprite" parent="."]
visible = false
scale = Vector2( 0.08, 0.08 )
texture = ExtResource( 7 )

[node name="chocolate" type="Sprite" parent="."]
visible = false
scale = Vector2( 0.08, 0.08 )
texture = ExtResource( 8 )
[connection signal="body_entered" from="." to="." method="_on_Food_body_entered"]
[connection signal="button_down" from="MouseInteract" to="." method="_on_MouseInteract_button_down"]
[connection signal="button_up" from="MouseInteract" to="." method="_on_MouseInteract_button_up"]
